<record><leader>00000cas a22000007a 4500</leader><controlfield tag="001">14998867</controlfield><controlfield tag="008">861222d18721928mouwr ne      0    0eng d</controlfield><datafield ind1=" " ind2=" " tag="010"><subfield code="a">sn 86054045 </subfield></datafield><datafield ind1=" " ind2=" " tag="040"><subfield code="a">NPX</subfield><subfield code="b">eng</subfield><subfield code="c">NPX</subfield><subfield code="d">MQN</subfield><subfield code="d">MGN</subfield><subfield code="d">OCLCQ</subfield><subfield code="d">OCLCF</subfield><subfield code="d">OCLCO</subfield></datafield><datafield ind1="1" ind2=" " tag="029"><subfield code="a">AU@</subfield><subfield code="b">000025799581</subfield></datafield><datafield ind1=" " ind2=" " tag="042"><subfield code="a">msc</subfield></datafield><datafield ind1=" " ind2=" " tag="043"><subfield code="a">n-us-mo</subfield></datafield><datafield ind1="0" ind2="0" tag="245"><subfield code="a">Worth County times.</subfield></datafield><datafield ind1=" " ind2=" " tag="260"><subfield code="a">Grant City, Worth County, Mo. :</subfield><subfield code="b">Davidson, McCord &amp; Co.,</subfield><subfield code="c">1872-1928.</subfield></datafield><datafield ind1=" " ind2=" " tag="300"><subfield code="a">v.</subfield></datafield><datafield ind1=" " ind2=" " tag="310"><subfield code="a">Weekly</subfield></datafield><datafield ind1="1" ind2=" " tag="362"><subfield code="a">Began in 1872?</subfield></datafield><datafield ind1="0" ind2=" " tag="362"><subfield code="a">-v. 56, no. 30 (Dec. 27, 1928).</subfield></datafield><datafield ind1=" " ind2=" " tag="500"><subfield code="a">Publisher: Garver &amp; Meyer, &lt;1876&gt;.</subfield></datafield><datafield ind1=" " ind2=" " tag="588"><subfield code="a">Description based on: Vol. 2, no. 27 (Aug. 20, 1874).</subfield></datafield><datafield ind1=" " ind2="0" tag="651"><subfield code="a">Worth County (Mo.)</subfield><subfield code="v">Newspapers.</subfield></datafield><datafield ind1=" " ind2="7" tag="655"><subfield code="a">Newspapers.</subfield><subfield code="2">fast</subfield><subfield code="0">(OCoLC)fst01423814</subfield></datafield><datafield ind1=" " ind2="7" tag="651"><subfield code="a">Missouri</subfield><subfield code="z">Worth County.</subfield><subfield code="2">fast</subfield><subfield code="0">(OCoLC)fst01231757</subfield></datafield><datafield ind1=" " ind2=" " tag="752"><subfield code="a">United States</subfield><subfield code="b">Missouri</subfield><subfield code="c">Worth</subfield><subfield code="d">Grant City.</subfield></datafield><datafield ind1="0" ind2="7" tag="785"><subfield code="t">Worth County tribune</subfield><subfield code="w">(DLC)sn 89067476</subfield></datafield><datafield ind1="0" ind2="7" tag="785"><subfield code="t">Times-tribune (Grant City, Mo.)</subfield><subfield code="w">(DLC)sn 89067479</subfield></datafield></record>